<?xml version="1.0" encoding="UTF-8"?>
  <record xmlns="http://www.loc.gov/MARC21/slim" type="Authority">
    <leader>00000nz  a2200000nc 4500</leader>
    <controlfield tag="001">118835785</controlfield>
    <controlfield tag="003">DE-101</controlfield>
    <controlfield tag="005">20180319165909.0</controlfield>
    <controlfield tag="008">880701n||azznnaabn           | aaa    |c</controlfield>
    <datafield tag="024" ind1="7" ind2=" ">
      <subfield code="a">118835785</subfield>
      <subfield code="0">http://d-nb.info/gnd/118835785</subfield>
      <subfield code="2">gnd</subfield>
    </datafield>
    <datafield tag="035" ind1=" " ind2=" ">
      <subfield code="a">(DE-101)118835785</subfield>
    </datafield>
    <datafield tag="035" ind1=" " ind2=" ">
      <subfield code="a">(DE-588)118835785</subfield>
    </datafield>
    <datafield tag="035" ind1=" " ind2=" ">
      <subfield code="z">(DE-588)172667828</subfield>
    </datafield>
    <datafield tag="035" ind1=" " ind2=" ">
      <subfield code="z">(DE-588a)172667828</subfield>
      <subfield code="9">v:zg</subfield>
    </datafield>
    <datafield tag="035" ind1=" " ind2=" ">
      <subfield code="z">(DE-588a)118835785</subfield>
      <subfield code="9">v:zg</subfield>
    </datafield>
    <datafield tag="035" ind1=" " ind2=" ">
      <subfield code="z">(DE-588c)4198864-4</subfield>
      <subfield code="9">v:zg</subfield>
    </datafield>
    <datafield tag="040" ind1=" " ind2=" ">
      <subfield code="a">DE-101</subfield>
      <subfield code="c">DE-101</subfield>
      <subfield code="9">r:DE-101</subfield>
      <subfield code="b">ger</subfield>
      <subfield code="d">0017</subfield>
    </datafield>
    <datafield tag="042" ind1=" " ind2=" ">
      <subfield code="a">gnd1</subfield>
    </datafield>
    <datafield tag="043" ind1=" " ind2=" ">
      <subfield code="c">XA-FR</subfield>
    </datafield>
    <datafield tag="065" ind1=" " ind2=" ">
      <subfield code="a">16.5p</subfield>
      <subfield code="2">sswd</subfield>
    </datafield>
    <datafield tag="075" ind1=" " ind2=" ">
      <subfield code="b">p</subfield>
      <subfield code="2">gndgen</subfield>
    </datafield>
    <datafield tag="075" ind1=" " ind2=" ">
      <subfield code="b">piz</subfield>
      <subfield code="2">gndspec</subfield>
    </datafield>
    <datafield tag="079" ind1=" " ind2=" ">
      <subfield code="a">g</subfield>
      <subfield code="q">s</subfield>
      <subfield code="q">a</subfield>
      <subfield code="q">f</subfield>
    </datafield>
    <datafield tag="100" ind1="0" ind2=" ">
      <subfield code="a">Leopold Joseph</subfield>
      <subfield code="c">Lothringen, Herzog</subfield>
      <subfield code="d">1679-1729</subfield>
    </datafield>
    <datafield tag="400" ind1="0" ind2=" ">
      <subfield code="a">Leopoldus Josephus</subfield>
      <subfield code="c">Lotharingia, Dux</subfield>
      <subfield code="d">1679-1729</subfield>
    </datafield>
    <datafield tag="400" ind1="0" ind2=" ">
      <subfield code="a">Léopold</subfield>
      <subfield code="c">Lorraine, Duc</subfield>
      <subfield code="d">1679-1729</subfield>
    </datafield>
    <datafield tag="400" ind1="0" ind2=" ">
      <subfield code="a">Leopold</subfield>
      <subfield code="c">Lothringen, Herzog</subfield>
      <subfield code="d">1679-1729</subfield>
    </datafield>
    <datafield tag="400" ind1="0" ind2=" ">
      <subfield code="a">Leopold</subfield>
      <subfield code="b">I.</subfield>
      <subfield code="c">Lothringen, Herzog</subfield>
      <subfield code="d">1679-1729</subfield>
    </datafield>
    <datafield tag="400" ind1="0" ind2=" ">
      <subfield code="a">Léopold</subfield>
      <subfield code="b">I.</subfield>
      <subfield code="c">Lorraine, Duke</subfield>
      <subfield code="d">1679-1729</subfield>
      <subfield code="9">v:NUC</subfield>
    </datafield>
    <datafield tag="400" ind1="0" ind2=" ">
      <subfield code="a">Leopold</subfield>
      <subfield code="b">I.</subfield>
      <subfield code="c">Lorraine et Bar, Duc</subfield>
      <subfield code="d">1679-1729</subfield>
      <subfield code="9">v:BLC</subfield>
    </datafield>
    <datafield tag="400" ind1="0" ind2=" ">
      <subfield code="a">Léopold</subfield>
      <subfield code="b">I.</subfield>
      <subfield code="c">Lorraine, Duc</subfield>
      <subfield code="d">1679-1729</subfield>
      <subfield code="9">v:BN</subfield>
    </datafield>
    <datafield tag="400" ind1="0" ind2=" ">
      <subfield code="a">Leopold</subfield>
      <subfield code="c">Lorraine et Bar, Duc</subfield>
      <subfield code="d">1679-1729</subfield>
    </datafield>
    <datafield tag="400" ind1="0" ind2=" ">
      <subfield code="a">Leopold</subfield>
      <subfield code="c">Lothringen und Bar, Herzog</subfield>
      <subfield code="d">1679-1729</subfield>
    </datafield>
    <datafield tag="400" ind1="0" ind2=" ">
      <subfield code="a">Léopold Joseph</subfield>
      <subfield code="c">Lorraine, Duc</subfield>
      <subfield code="d">1679-1729</subfield>
    </datafield>
    <datafield tag="400" ind1="1" ind2=" ">
      <subfield code="a">Lorraine, Léopold &#152;de&#156;</subfield>
      <subfield code="d">1679-1729</subfield>
    </datafield>
    <datafield tag="400" ind1="1" ind2=" ">
      <subfield code="a">Lothringen, Leopold &#152;von&#156;</subfield>
      <subfield code="d">1679-1729</subfield>
    </datafield>
    <datafield tag="500" ind1="1" ind2=" ">
      <subfield code="0">(DE-101)1023911299</subfield>
      <subfield code="0">(DE-588)1023911299</subfield>
      <subfield code="0">https://d-nb.info/gnd/1023911299</subfield>
      <subfield code="a">Elisabeth Charlotte, de Bourbon-Orléans</subfield>
      <subfield code="d">1676-1744</subfield>
      <subfield code="4">bezf</subfield>
      <subfield code="4">https://d-nb.info/standards/elementset/gnd#familialRelationship</subfield>
      <subfield code="w">r</subfield>
      <subfield code="i">Beziehung familiaer</subfield>
      <subfield code="e">Beziehung familiaer</subfield>
      <subfield code="9">v:Ehefrau</subfield>
    </datafield>
    <datafield tag="500" ind1="0" ind2=" ">
      <subfield code="0">(DE-101)115473238X</subfield>
      <subfield code="0">(DE-588)115473238X</subfield>
      <subfield code="0">https://d-nb.info/gnd/115473238X</subfield>
      <subfield code="a">Leopold Clemens Karl</subfield>
      <subfield code="c">Lothringen, Erbprinz</subfield>
      <subfield code="d">1707-1723</subfield>
      <subfield code="4">bezf</subfield>
      <subfield code="4">https://d-nb.info/standards/elementset/gnd#familialRelationship</subfield>
      <subfield code="w">r</subfield>
      <subfield code="i">Beziehung familiaer</subfield>
      <subfield code="e">Beziehung familiaer</subfield>
      <subfield code="9">v:Sohn</subfield>
    </datafield>
    <datafield tag="500" ind1="0" ind2=" ">
      <subfield code="0">(DE-101)118692925</subfield>
      <subfield code="0">(DE-588)118692925</subfield>
      <subfield code="0">https://d-nb.info/gnd/118692925</subfield>
      <subfield code="a">Franz</subfield>
      <subfield code="b">I.</subfield>
      <subfield code="c">Heiliges Römisches Reich, Kaiser</subfield>
      <subfield code="d">1708-1765</subfield>
      <subfield code="4">bezf</subfield>
      <subfield code="4">https://d-nb.info/standards/elementset/gnd#familialRelationship</subfield>
      <subfield code="w">r</subfield>
      <subfield code="i">Beziehung familiaer</subfield>
      <subfield code="e">Beziehung familiaer</subfield>
      <subfield code="9">v:Sohn</subfield>
    </datafield>
    <datafield tag="500" ind1="0" ind2=" ">
      <subfield code="0">(DE-101)118577867</subfield>
      <subfield code="0">(DE-588)118577867</subfield>
      <subfield code="0">https://d-nb.info/gnd/118577867</subfield>
      <subfield code="a">Maria Theresia</subfield>
      <subfield code="c">Österreich, Erzherzogin</subfield>
      <subfield code="d">1717-1780</subfield>
      <subfield code="4">bezf</subfield>
      <subfield code="4">https://d-nb.info/standards/elementset/gnd#familialRelationship</subfield>
      <subfield code="w">r</subfield>
      <subfield code="i">Beziehung familiaer</subfield>
      <subfield code="e">Beziehung familiaer</subfield>
      <subfield code="9">v:Schwiegertochter</subfield>
    </datafield>
    <datafield tag="500" ind1="0" ind2=" ">
      <subfield code="0">(DE-101)119080176</subfield>
      <subfield code="0">(DE-588)119080176</subfield>
      <subfield code="0">https://d-nb.info/gnd/119080176</subfield>
      <subfield code="a">Elisabeth Therese</subfield>
      <subfield code="c">Sardinien, Königin</subfield>
      <subfield code="d">1711-1741</subfield>
      <subfield code="4">bezf</subfield>
      <subfield code="4">https://d-nb.info/standards/elementset/gnd#familialRelationship</subfield>
      <subfield code="w">r</subfield>
      <subfield code="i">Beziehung familiaer</subfield>
      <subfield code="e">Beziehung familiaer</subfield>
      <subfield code="9">v:Tochter</subfield>
    </datafield>
    <datafield tag="500" ind1="0" ind2=" ">
      <subfield code="0">(DE-101)119013797</subfield>
      <subfield code="0">(DE-588)119013797</subfield>
      <subfield code="0">https://d-nb.info/gnd/119013797</subfield>
      <subfield code="a">Karl</subfield>
      <subfield code="c">Lothringen, Prinz</subfield>
      <subfield code="d">1712-1780</subfield>
      <subfield code="4">bezf</subfield>
      <subfield code="4">https://d-nb.info/standards/elementset/gnd#familialRelationship</subfield>
      <subfield code="w">r</subfield>
      <subfield code="i">Beziehung familiaer</subfield>
      <subfield code="e">Beziehung familiaer</subfield>
      <subfield code="9">v:Sohn</subfield>
    </datafield>
    <datafield tag="500" ind1="0" ind2=" ">
      <subfield code="0">(DE-101)173319777</subfield>
      <subfield code="0">(DE-588)173319777</subfield>
      <subfield code="0">https://d-nb.info/gnd/173319777</subfield>
      <subfield code="a">Anna Charlotte</subfield>
      <subfield code="c">Lothringen, Prinzessin</subfield>
      <subfield code="d">1714-1773</subfield>
      <subfield code="4">bezf</subfield>
      <subfield code="4">https://d-nb.info/standards/elementset/gnd#familialRelationship</subfield>
      <subfield code="w">r</subfield>
      <subfield code="i">Beziehung familiaer</subfield>
      <subfield code="e">Beziehung familiaer</subfield>
      <subfield code="9">v:Tochter</subfield>
    </datafield>
    <datafield tag="548" ind1=" " ind2=" ">
      <subfield code="a">1679-1729</subfield>
      <subfield code="4">datl</subfield>
      <subfield code="4">https://d-nb.info/standards/elementset/gnd#dateOfBirthAndDeath</subfield>
      <subfield code="w">r</subfield>
      <subfield code="i">Lebensdaten</subfield>
    </datafield>
    <datafield tag="550" ind1=" " ind2=" ">
      <subfield code="0">(DE-101)041596765</subfield>
      <subfield code="0">(DE-588)4159676-6</subfield>
      <subfield code="0">https://d-nb.info/gnd/4159676-6</subfield>
      <subfield code="a">Herzog</subfield>
      <subfield code="4">berc</subfield>
      <subfield code="4">https://d-nb.info/standards/elementset/gnd#professionOrOccupation</subfield>
      <subfield code="w">r</subfield>
      <subfield code="i">Charakteristischer Beruf</subfield>
    </datafield>
    <datafield tag="667" ind1=" " ind2=" ">
      <subfield code="a">VD-17</subfield>
    </datafield>
    <datafield tag="667" ind1=" " ind2=" ">
      <subfield code="a">7</subfield>
    </datafield>
    <datafield tag="667" ind1=" " ind2=" ">
      <subfield code="a">SWB</subfield>
    </datafield>
    <datafield tag="670" ind1=" " ind2=" ">
      <subfield code="a">M unter Lothringen ST</subfield>
    </datafield>
    <datafield tag="670" ind1=" " ind2=" ">
      <subfield code="a">NDB</subfield>
    </datafield>
    <datafield tag="672" ind1=" " ind2="0">
      <subfield code="a">Gustav Samuel Leopold &lt;Pfalz-Zweibrücken, Herzog&gt;: Vergleich zwischen Ihr. Königl. Hoheit*. - 1726</subfield>
    </datafield>
    <datafield tag="672" ind1=" " ind2="0">
      <subfield code="a">Gustav Samuel Leopold &lt;Pfalz-Zweibrücken, Herzog&gt;: Traité concernant la liberté du comm*. - 25. Septembris 1726</subfield>
    </datafield>
    <datafield tag="678" ind1=" " ind2=" ">
      <subfield code="b">ältester Sohn des Herzogs Karl V. von Lothringen und seiner Gemahlin Eleonore Maria, frühere Königin von Polen</subfield>
    </datafield>
    <datafield tag="680" ind1=" " ind2=" ">
      <subfield code="a">SWD</subfield>
    </datafield>
    <datafield tag="700" ind1="0" ind2="7">
      <subfield code="a">Léopold</subfield>
      <subfield code="c">I, Duke of Lorraine</subfield>
      <subfield code="d">1679-1729</subfield>
      <subfield code="0">(DLC)n  95016990</subfield>
      <subfield code="2">naf</subfield>
      <subfield code="9">v:1679-1729</subfield>
    </datafield>
    <datafield tag="913" ind1=" " ind2=" ">
      <subfield code="S">pnd</subfield>
      <subfield code="i">5</subfield>
      <subfield code="a">Leopold Joseph &lt;Lothringen, Herzog&gt;</subfield>
      <subfield code="0">(DE-588a)118835785</subfield>
    </datafield>
    <datafield tag="913" ind1=" " ind2=" ">
      <subfield code="S">pnd</subfield>
      <subfield code="i">5</subfield>
      <subfield code="a">Leopold &lt;Lothringen, Herzog, I.&gt;</subfield>
      <subfield code="0">(DE-588a)172667828</subfield>
    </datafield>
  </record>
